@INPROCEEDINGS{resnet, 
author={K. He and X. Zhang and S. Ren and J. Sun}, 
booktitle={2016 IEEE Conference on Computer Vision and Pattern Recognition (CVPR)}, 
title={Deep Residual Learning for Image Recognition}, 
year={2016}, 
pages={770-778}, 
doi={10.1109/CVPR.2016.90}, 
ISSN={1063-6919}, 
month={June},}

@inproceedings{stark2015captcha,
  title={Captcha recognition with active deep learning},
  author={Stark, Fabian and Haz{\i}rbas, Caner and Triebel, Rudolph and Cremers, Daniel},
  booktitle={GCPR Workshop on New Challenges in Neural Computation},
  volume={10},
  year={2015}
}

@article{shannon1948mathematical,
  title={A mathematical theory of communication},
  author={Shannon, Claude Elwood},
  journal={Bell system technical journal},
  volume={27},
  number={3},
  pages={379--423},
  year={1948},
  publisher={Wiley Online Library}
}

@article{mnist,
author="LECUN, Y.",
title="THE MNIST DATABASE of handwritten digits",
journal="http://yann.lecun.com/exdb/mnist/",
ISSN="",
publisher="",
year="",
month="",
volume="",
number="",
pages="",
URL="https://ci.nii.ac.jp/naid/10027939599/en/",
DOI="",
}

@TECHREPORT{cifar10,
    author = {Alex Krizhevsky},
    title = {Learning multiple layers of features from tiny images},
    institution = {},
    year = {2009}
}

@TECHREPORT{retinopathy,
    author = {EyePacs},
    title = {https://www.kaggle.com/c/diabetic-retinopathy-detection},
    institution = {},
    year = {2015}
}

@TECHREPORT{keras_cnn,
    author = {fchollet},
    title = {Keras},
	url = {https://github.com/fchollet/keras},
    institution = {},
    year = {2015}
}

@article{denseNet,
  title={Densely Connected Convolutional Networks},
  author={Gao Huang and Zhuang Liu and Laurens van der Maaten and Kilian Q. Weinberger},
  journal={2017 IEEE Conference on Computer Vision and Pattern Recognition (CVPR)},
  year={2017},
  pages={2261-2269}
}

@inproceedings{imagenet,
  title={Imagenet: A large-scale hierarchical image database},
  author={Deng, Jia and Dong, Wei and Socher, Richard and Li, Li-Jia and Li, Kai and Fei-Fei, Li},
  booktitle={Computer Vision and Pattern Recognition, 2009. CVPR 2009. IEEE Conference on},
  pages={248--255},
  year={2009},
  organization={Ieee}
}